@misc{theguardian,
   author = "S. Curry",
   title = "The inexorable rise of open access scientific publishing",
   year = "2012",
   howpublished = "\url{http://www.theguardian.com/science/occams-corner/2012/oct/22/inexorable-rise-open-access-scientific-publishing}"
}
@article{if,
   author = "E. Garfield",
   title = "Citation indexes for science",
   journal = "Science",
   pages = "108--111",
   year = 1955
}
@article{rahm,
   author = "E. Rahm and A. Thor",
   title = "Citation analysis of database publications",
   journal = "ACM Sigmod Record",
   pages = "48--53",
   year = "2005"
}
@article{mann,
   author = "G. Mann and D. Mimno and A. McCallum",
   title = "Bibliometric impact measures leveraging topic analysis",
   journal = "JCDL",
   year = 2006, 
   pages = "65--74"
}
@article{erros1,
   author = "J. Bar-Ilan",
   title = "{{Which h-index? - a comparison of Wos, Scopus and Google Scholar}}",
   journal = "Scientometrics",
   year = 2008, 
   pages = "257--271"
}


@article{erros2,
   author = "J. Freyne and L. Coyle and B. Smyth and P. Cunningham",
   title = "Relative status of journal and conference publications in computer science",
   journal = "Communications of the ACM",
   year = 2010, 
   pages = "124--132"
}
@article{erros3,
   author = "B. de Sutter and A. van den Oord",
   title = "To be or not to be cited in computer science",
   journal = "Communications of the ACM",
   year = 2012, 
   pages = "69--75"
}
@article{erros4,
   author = "M. Vardi",
   title = "Conferences vs. journals in computing research",
   journal = "ACM",
   year = 2009, 
   pages = "5"
}

@ARTICLE{sabir,
  AUTHOR = "S. Ribas and B. Ribeiro-Neto and E. Silva and N. Ziviani",
  TITLE = "R-Score: Reputation-based Scoring of Research Groups",
  JOURNAL = "CoRR",
  YEAR = {2013}
}

@article{h-index,
   author = "J. Hirsch",
   title = "An index to quantify an individual’s scientific research output",
   journal = "{{Proceedings of the National Academy of Sciences}}",
   pages = "16569--16572",
   year = 2005
}
@article{pagerank,
   author = "J. Bollen and M. Rodriguez and H. van de Sompel",
   title = "Journal status",
   journal = "ArXiv Computer Science",
   year = "2006"
}


@article{downloads,
   author = "J. Bollen and H. van de Sompel and J. Smith and R. Luce",
   title = "Toward alternative metrics of journal impact: A comparison of download and citation data",
   journal = "Information Processing \& Management", 
   pages = "1419--1440",
   year = "2005"
}


@article{larsen,
   author = "B. Larsen and P. Ingwersen",
   title = "Using citations for ranking in digital libraries",
   journal = "JCDL",
   pages = "370--370",
   year = 2006
}

@article{biblio,
   author = "Z. Zhuang and E. Elmacioglu and D. Lee and C. Giles",
   title = "Measuring conference quality by mining program committee characteristics",
   journal = "JCDL",
   pages = "225--234",
   year = 2007
}
@article{yan,
   author = "S. Yan and D. Lee",
   title = "Toward alternative measures for ranking venues: a case of database research community",
   journal = "JCDL",
   pages = "235--244",
   year = 2007
}
@misc{nrc,
   author = "National Research Council",
   title = "{{The National Academies}}",
   howpublished =  "\url{http://www.nationalacademies.org/nrc/}"
}



% A partir daqui não foi utilizado

@article{2222,
   author = "Chipmunk",
   title = "Hash Just Right",
   journal   = "Journal",
   year      = "2012"
}
    %volume   = "",
    %number   = "",
    %pages    = "",
    %month    = "",
    %note     = "",


computer and information science ranking
[18] P. Katerattanakul, B. Han, and S. Hong. Objective
quality rankings of computing journals.
[23] S. Nerur, R. Sikora, G. Mangalaraj, and
V. Balijepally. Assessing the relative influence of
journals in a citation network. Communications of the
ACM, 48(11):71–74, 2005.


small fraction
[28] D. Schoonbaert and G. Roelants. Citation analysis for
measuring the value of scientific publications: quality
assessment tool or comedy of errors? Tropical
Medicine and International Health, 1(6):739–752, 1996.


[4] S. Brin and L. Page. The anatomy of a large-scale
hypertextual web search engine. Computer Networks,
30(1-7):107–117, 1998.
[16] W. Grassmann, M. Taksar, and D. Heyman.
Regenerative analysis and steady state distributions
for Markov chains. Operations Research,
33(5):1107–1116, 1985.
Communications of the ACM, 45, 2003.
[19] A. LangVille and C. Meyer. Google’s PageRank and
Beyond: The Science of Search Engine Rankings.
Princeton University Press, 2006.
[22] C. Meyer. Stochastic complementation, uncoupling
Markov chains, and the theory of nearly reducible
systems. SIAM Review, 31(2):240–272, 1989.
[24] M. Newman. Networks: An Introduction. Oxford
University Press, 2010.
[26] T. Reuters. The thomson reuters impact factor, 2011.
[27] S. Saha, S. Saint, and D. Christakis. Impact factor: a
valid measure of journal quality? Journal of the
Medical Library Association, (91(1)):42–46, 2003.



[8] E. Garfield. Science citation index: A new dimension
in indexing. Science, (144):649–654, 1964.
[9] E. Garfield. Citation analysis as a tool in journal
evaluation: Journals can be ranked by frequency and
impact of citations for science policy studies. Science,
(178):471–479, 1972.
[10] E. Garfield. Significant journals of science. Nature,
(264):609–615, 1976.
[11] E. Garfield. Citation Indexing: Its Theory and
Application in Science, Technology, and Humanities.
John Wiley, 1979.
[12] E. Garfield. Do nobel prize winners write citation
classics? Current Contents, (23):3–8, 1986.
[13] E. Garfield. Which medical journals have the greatest
impact? Annals of Internal Medicine, (105):313–320,
1986.
[14] E. Garfield. Science watch: Isi’s highly cited newsletter
shows how quantitative assessment of the literature
can contribute to r&d management, policymaking, and
strategic analysis. Current Contents, (49):5–11, 1990.
[15] E. Garfield. How can impact factors be improved?
British Medical Journal, (313):411–413, 1996.

