@book{cormen,
    author = "T.~H. Cormen and C.~E. Leiserson and R.~L. Rivest and C.~Stein",
    edition = "3rd",
    publisher = "The MIT Press",
    title = "Introduction to Algorithms",
    year = "2009",
    isbn = "978-0-262-03384-8"
}
@inproceedings{johnson,
  author    = {Judy Johnson and
               Kostas Tsioutsiouliklis and
               C. Lee Giles},
  title     = {Evolving Strategies for Focused Web Crawling},
  booktitle = {Machine Learning, Proceedings of the Twentieth International Conference
               {(ICML} 2003), August 21-24, 2003, Washington, DC, {USA}},
  year      = {2003},
  pages     = {298--305},
  crossref  = {DBLP:conf/icml/2003},
  url       = {http://www.aaai.org/Library/ICML/2003/icml03-041.php},
  timestamp = {Tue, 07 Oct 2014 06:57:07 +0200},
  biburl    = {http://dblp.uni-trier.de/rec/bib/conf/icml/JohnsonTG03},
  bibsource = {dblp computer science bibliography, http://dblp.org}
}
