
@electronic{barabasi,
  added-at = {2012-05-14T20:13:46.000+0200},
  address = {Cambridge, Mass.},
  author = {Barabasi, Albert-Laszlo},
  biburl = {http://www.bibsonomy.org/bibtex/29d6c95f1a97281a7d41abf52d1fc7afb/cscholz},
  description = {Amazon.com: Linked: The New Science of Networks (9780738206677): Albert-laszlo Barabasi, Jennifer Frangos: Books},
  interhash = {dbb8d0d999c2d66544c2aa44464f1314},
  intrahash = {9d6c95f1a97281a7d41abf52d1fc7afb},
  isbn = {9780738206677 0738206679 9780786746965 0786746963},
  keywords = {link prediction sna},
  publisher = {Perseus Pub.},
  refid = {768680724},
  timestamp = {2012-05-14T20:13:46.000+0200},
  title = {Linked the new science of networks},
  url = {http://www.amazon.com/Linked-The-New-Science-Networks/dp/0738206679},
  year = 2002
}



@article{broder,
 author = {Broder, Andrei and Kumar, Ravi and Maghoul, Farzin and Raghavan, Prabhakar and Rajagopalan, Sridhar and Stata, Raymie and Tomkins, Andrew and Wiener, Janet},
 title = {Graph Structure in the Web},
 journal = {Comput. Netw.},
 issue_date = {June 2000},
 volume = {33},
 number = {1-6},
 month = jun,
 year = {2000},
 issn = {1389-1286},
 pages = {309--320},
 numpages = {12},
 url = {http://dx.doi.org/10.1016/S1389-1286(00)00083-9},
 doi = {10.1016/S1389-1286(00)00083-9},
 acmid = {346290},
 publisher = {Elsevier North-Holland, Inc.},
 address = {New York, NY, USA},
 keywords = {Web measurement, diameter, graph structure},
} 

@techreport{pagerank,
  added-at = {2012-03-20T05:00:52.000+0100},
  author = {Page, L. and Brin, S. and Motwani, R. and Winograd, T.},
  biburl = {http://www.bibsonomy.org/bibtex/2a8b05285bdca86284df4b18d923967e3/wyswilson},
  institution = { Stanford University},
  interhash = {ca10cf0b0dd668c64b1f378ff0775849},
  intrahash = {a8b05285bdca86284df4b18d923967e3},
  keywords = {imported},
  timestamp = {2012-03-20T05:00:52.000+0100},
  title = { The PageRank Citation Ranking: Bringing Order to the Web},
  type = { Technical Report},
  url = {/brokenurl# http://publication.wilsonwong.me/load.php?id=233281827},
  year = { 1998}
}

@phdthesis{carlos,
  added-at = {2012-09-06T09:30:56.000+0200},
  address = {Santiago, Chile},
  author = {Castillo, Carlos},
  biburl = {http://www.bibsonomy.org/bibtex/238b52bf7ccc2e1221477f5d8937c3b7d/jaeschke},
  institution = {University of Chile},
  interhash = {36eac63e7cfae05bc7444171432a6f3f},
  intrahash = {38b52bf7ccc2e1221477f5d8937c3b7d},
  keywords = {crawling engine search web alexandria},
  month = {November},
  school = {School of Engineering},
  timestamp = {2012-09-06T09:30:56.000+0200},
  title = {Effective Web Crawling},
  url = {http://www.chato.cl/crawling/},
  year = 2004
}

@inproceedings{johnson,
  author    = {Judy Johnson and
               Kostas Tsioutsiouliklis and
               C. Lee Giles},
  title     = {Evolving Strategies for Focused Web Crawling},
  booktitle = {Machine Learning, Proceedings of the Twentieth International Conference
               {(ICML} 2003), August 21-24, 2003, Washington, DC, {USA}},
  year      = {2003},
  pages     = {298--305},
  url       = {http://www.aaai.org/Library/ICML/2003/icml03-041.php},
  timestamp = {Tue, 07 Oct 2014 06:57:07 +0200},
  biburl    = {http://dblp.uni-trier.de/rec/bib/conf/icml/JohnsonTG03},
  bibsource = {dblp computer science bibliography, http://dblp.org}
}
@inproceedings{cho,
 author = {Cho, Junghoo and Garcia-Molina, Hector and Page, Lawrence},
 title = {Efficient Crawling Through URL Ordering},
 booktitle = {Proceedings of the Seventh International Conference on World Wide Web 7},
 series = {WWW7},
 year = {1998},
 location = {Brisbane, Australia},
 pages = {161--172},
 numpages = {12},
 url = {http://dl.acm.org/citation.cfm?id=297805.297835},
 acmid = {297835},
 publisher = {Elsevier Science Publishers B. V.},
 address = {Amsterdam, The Netherlands, The Netherlands},
 keywords = {URL ordering, crawling},
} 
@inproceedings{najork,
  added-at = {2009-08-06T15:16:38.000+0200},
  address = {Hong Kong},
  author = {Najork, Marc and Wiener, Janet L.},
  biburl = {http://www.bibsonomy.org/bibtex/228f46ab2a04a62cffa8f78a77635228c/chato},
  booktitle = {Proceedings of the Tenth Conference on World Wide Web},
  citeulike-article-id = {240732},
  citeulike-linkout-0 = {\#},
  interhash = {ff022514be3c7b7527b573aee5956e89},
  intrahash = {28f46ab2a04a62cffa8f78a77635228c},
  keywords = {crawling},
  month = May,
  pages = {114--118},
  posted-at = {2005-06-30 11:33:47},
  priority = {0},
  publisher = {Elsevier Science},
  timestamp = {2009-08-06T15:16:38.000+0200},
  title = {Breadth-first crawling yields high-quality pages},
  url = {citeseer.nj.nec.com/najork01breadthfirst.html},
  year = 2001
}
@inproceedings{craswell,
  author = {Nick Craswell and Francis Crimmins and David Hawking and Alistair Moffat},
  title = {Performance and Cost Tradeoffs in Web Search},
  booktitle = {Proceedings of the Australasian Database Conference ADC2004},
  year = {2004},
  address = {Dunedin, New Zealand},
  month = {January},
  pages = {161-170},
  note = {\url{http://research.microsoft.com/users/nickcr/pubs/craswell_adc04.pdf}}
}
@inproceedings{gulli,
 author = {Gulli, A. and Signorini, A.},
 title = {The Indexable Web is More Than 11.5 Billion Pages},
 booktitle = {Special Interest Tracks and Posters of the 14th International Conference on World Wide Web},
 series = {WWW '05},
 year = {2005},
 isbn = {1-59593-051-5},
 location = {Chiba, Japan},
 pages = {902--903},
 numpages = {2},
 url = {http://doi.acm.org/10.1145/1062745.1062789},
 doi = {10.1145/1062745.1062789},
 acmid = {1062789},
 publisher = {ACM},
 address = {New York, NY, USA},
 keywords = {index sizes, search engines, size of the web},
} 
@misc{gray,
   author = "M. Gray",
   title = "Web Growth",
   year = 1996
}
@misc{nielsen,
   author = "J. Nielsen",
   title = "Statistics for traffic referred by search engines and navigation directories to USEIT",
   howpublished = "\url{http://www.useit.com/about/searchreferrals.html}",
   year = 2004
}
@BOOK{b,
   author = {Ricardo Baeza-Yates and Berthier Ribeiro-Neto},
   title = {Modern Information Retrieval: The concepts and technology behind search},
   edition = {2nd},
   publisher = {Pearson Education Limited},
   year = {2011}
}
